<?xml version="1.0" encoding="UTF-8"?><collection xmlns="http://www.loc.gov/MARC21/slim"><record><leader>00706nam--2200229-u-4500</leader><controlfield tag="001">000050700</controlfield><controlfield tag="002">20161230</controlfield><controlfield tag="005">20161230201048</controlfield><controlfield tag="008">080319s1000------------r-----000-0-eng-d</controlfield><datafield ind1=" " ind2=" " tag="020"><subfield code="a">354040483X</subfield></datafield><datafield ind1=" " ind2=" " tag="040"><subfield code="a">IFIN-HH</subfield></datafield><datafield ind1=" " ind2=" " tag="080"><subfield code="a">535.13:538.9</subfield></datafield><datafield ind1="1" ind2=" " tag="100"><subfield code="a">Ohtsu, M</subfield></datafield><datafield ind1="1" ind2="0" tag="245"><subfield code="a">Optical Near Fields</subfield><subfield code="b">Introduction to Classical and Quantum Theories of Electromagnetic Phenomena at the Nanoscale</subfield><subfield code="c">M. Ohtsu; K. Kobayashi</subfield></datafield><datafield ind1=" " ind2=" " tag="260"><subfield code="a">Berlin</subfield><subfield code="b">Springer-Verlag</subfield><subfield code="c">2004</subfield></datafield><datafield ind1=" " ind2=" " tag="300"><subfield code="a">205 p</subfield></datafield><datafield ind1=" " ind2=" " tag="490"><subfield code="a">Advanced Texts in Physics</subfield></datafield><datafield ind1=" " ind2=" " tag="504"><subfield code="a">Includes Bibliographical References and Index</subfield></datafield><datafield ind1=" " ind2="4" tag="650"><subfield code="a">Quantum optics</subfield></datafield><datafield ind1="1" ind2=" " tag="700"><subfield code="a">Kobayashi,K</subfield></datafield><datafield ind1=" " ind2=" " tag="852"><subfield code="a">82031</subfield><subfield code="c">538.9</subfield></datafield><datafield ind1=" " ind2=" " tag="CAT"><subfield code="a">Sys</subfield><subfield code="c">20110104</subfield><subfield code="h">142640</subfield></datafield></record></collection>